% How to cite webpage: https://tex.stackexchange.com/questions/3587/how-can-i-use-bibtex-to-cite-a-web-page
@misc{2021-22mostvaluedteam,
  title = {The NBAâ€™s Most Valuable Teams 2021-22: New York Knicks Lead A Trio Now Worth Over \$5 Billion Each},
  author = {{Mike Ozanian}},
  howpublished = {\url{https://www.forbes.com/sites/mikeozanian/2021/10/18/the-nbas-most-valuable-teams-2021-22-new-york-knicks-lead-a-trio-now-worth-over-5-billion-each/?sh=3b6a24add32c}},
  note = {Accessed: 2022-08-10},
  }

@misc{2020mostpopularNYteams,
  title = {Top 25 New York sports teams with most fans},
  author = {{Agustin Stella}},
  howpublished = {\url{https://bolavip.com/en/sports/top-25-new-york-sports-teams-with-most-fans-20200429-0003.html}},
  note = {Accessed: 2022-08-24},
  }


@misc{taxidataset,
  title = {TLC trip record data.},
  author = {{New York City Taxi and Limousine Commission}},
  howpublished = {\url{ https://www1.nyc.gov/site/tlc/about/tlc-trip-record-data.page}},
  note = {Accessed: 2022-08-01, Timeframe: 2018-2019 }, 
  }


@misc{nbaAttendancedataset,
  title = {2018-19 NBA Schedule and Results},
  author = {Basketball-Reference},
  howpublished = {\url{https://www.basketball-reference.com/leagues/NBA_2019_games.html}},
  note = {Accessed: 2022-08-13, Timeframe: Oct-Apr},
  }

@misc{initialFareAmount,
  title = {Taxi Fare},
  author = {New York City Taxi and Limousine Commission},
  howpublished = {\url{ https://www1.nyc.gov/site/tlc/passengers/taxi-fare.page}},
  note = {Accessed : 2022-08-13}
  }

@misc{modelreference,
  title = {Applied Data Science (MAST30034) tutorial 3},
  author = {Akira Wang},
  howpublished = {\url{ https://github.com/akiratwang/MAST30034_Python/blob/main/tutorials/tute_3/Tute3_Python.ipynb}},
  note = {Accessed : 2022-08-20}
  }

% You should lookup the entries defined in bibtex to properly format your .bib file